@article{scc,
    author="Xie, Aiguo.  and Beerel, P A. ", 
    booktitle="1999 IEEE/ACM International Conference on Computer-Aided Design. Digest of Technical Papers (Cat. No.99CH37051)", 
    title="Implicit enumeration of strongly connected components", 
    year="1999", 
    volume="", 
    number="", 
    pages="37-40", 
    keywords="directed graphs;reachability analysis;binary decision diagrams;iterative methods;software performance evaluation;matrix algebra;data structures;implicit enumeration;maximal strongly connected components;binary decision diagram;directed graphs;reachability analysis;sequential component identification;algorithm performance;graph adjacency matrix transitive closure computation;Data structures;Iterative algorithms;Boolean functions;Reachability analysis;Algorithm design and analysis;Automata;Binary decision diagrams;State-space methods;Engineering profession;Partitioning algorithms", 
    doi="10.1109/ICCAD.1999.810617", 
    ISSN="1092-3152", 
    month="Nov",
}
